<?xml version="1.0" encoding="UTF-8"?><record xmlns="http://www.loc.gov/MARC21/slim" xmlns:cinclude="http://apache.org/cocoon/include/1.0" xmlns:zs="http://www.loc.gov/zing/srw/">
  <leader>00794cz  a2200181n  4500</leader>
  <controlfield tag="001">no2009001294</controlfield>
  <controlfield tag="003">DLC</controlfield>
  <controlfield tag="005">20120817083802.0</controlfield>
  <controlfield tag="008">090106n| acannaabn          |a aaa     c</controlfield>
  <datafield tag="010" ind1=" " ind2=" ">
    <subfield code="a">no2009001294</subfield>
  </datafield>
  <datafield tag="035" ind1=" " ind2=" ">
    <subfield code="a">(OCoLC)oca07977763</subfield>
  </datafield>
  <datafield tag="040" ind1=" " ind2=" ">
    <subfield code="a">DFo</subfield>
    <subfield code="b">eng</subfield>
    <subfield code="c">DFo</subfield>
    <subfield code="d">DLC</subfield>
  </datafield>
  <datafield tag="046" ind1=" " ind2=" ">
    <subfield code="f">1552</subfield>
    <subfield code="g">1616</subfield>
  </datafield>
  <datafield tag="100" ind1="1" ind2=" ">
    <subfield code="a">Shrewsbury, Gilbert Talbot,</subfield>
    <subfield code="c">Earl of,</subfield>
    <subfield code="d">1552-1616</subfield>
  </datafield>
  <datafield tag="400" ind1="1" ind2=" ">
    <subfield code="a">Talbot, Gilbert,</subfield>
    <subfield code="c">Earl of Shrewsbury,</subfield>
    <subfield code="d">1552-1616</subfield>
  </datafield>
  <datafield tag="667" ind1=" " ind2=" ">
    <subfield code="a">THIS 1XX FIELD CANNOT BE USED UNDER RDA UNTIL THIS RECORD HAS BEEN REVIEWED AND/OR UPDATED</subfield>
  </datafield>
  <datafield tag="670" ind1=" " ind2=" ">
    <subfield code="a">Proclamation to persons claiming the right to perform any service at the coronation of James I, King of England, 1603 July 13</subfield>
    <subfield code="b">(Earl of Shrewsbury)</subfield>
  </datafield>
  <datafield tag="670" ind1=" " ind2=" ">
    <subfield code="a">Oxford DNB [via www 4 Dec 2008]</subfield>
    <subfield code="b">(Talbot, Gilbert, seventh earl of Shrewsbury (1552-1616), landowner)</subfield>
  </datafield>
</record>